<?xml version="1.0" encoding="UTF-8"?><collection xmlns="http://www.loc.gov/MARC21/slim"><record><leader>00378nam--2200133-i-4500</leader><controlfield tag="001">000021102</controlfield><controlfield tag="002">20161230</controlfield><controlfield tag="005">20161230201034</controlfield><controlfield tag="008">060222s1000------------r-----000-0-eng-d</controlfield><datafield ind1=" " ind2=" " tag="080"><subfield code="a">58</subfield></datafield><datafield ind1=" " ind2=" " tag="245"><subfield code="a">Handbuch der mikrochemischen methoden. organisch-preparative</subfield></datafield><datafield ind1=" " ind2=" " tag="260"><subfield code="a">Wien, Springer-verlag, 1954. Viu + 238 P</subfield></datafield><datafield ind1=" " ind2=" " tag="700"><subfield code="a">Friedrich Hecht Und Michael K.Zacherl</subfield></datafield><datafield ind1=" " ind2=" " tag="852"><subfield code="a">10910</subfield></datafield></record></collection>